@inproceedings{krasanakis2018adaptive,
  title={Adaptive sensitive reweighting to mitigate bias in fairness-aware classification},
  author={Krasanakis, Emmanouil and Spyromitros-Xioufis, Eleftherios and Papadopoulos, Symeon and Kompatsiaris, Yiannis},
  booktitle={Proceedings of the 2018 World Wide Web Conference on World Wide Web},
  pages={853--862},
  year={2018},
  organization={International World Wide Web Conferences Steering Committee}
}

@inproceedings{kamishima2012fairness,
  title={Fairness-aware classifier with prejudice remover regularizer},
  author={Kamishima, Toshihiro and Akaho, Shotaro and Asoh, Hideki and Sakuma, Jun},
  booktitle={Joint European Conference on Machine Learning and Knowledge Discovery in Databases},
  pages={35--50},
  year={2012},
  organization={Springer}
}

@article{zafar2015fairness,
  title={Fairness constraints: Mechanisms for fair classification},
  author={Zafar, Muhammad Bilal and Valera, Isabel and Rodriguez, Manuel Gomez and Gummadi, Krishna P},
  journal={arXiv preprint arXiv:1507.05259},
  year={2015}
}

@inproceedings{hardt2016equality,
  title={Equality of opportunity in supervised learning},
  author={Hardt, Moritz and Price, Eric and Srebro, Nati and others},
  booktitle={Advances in neural information processing systems},
  pages={3315--3323},
  year={2016}
}

@inproceedings{zafar2017fairness,
  title={Fairness beyond disparate treatment \& disparate impact: Learning classification without disparate mistreatment},
  author={Zafar, Muhammad Bilal and Valera, Isabel and Gomez Rodriguez, Manuel and Gummadi, Krishna P},
  booktitle={Proceedings of the 26th International Conference on World Wide Web},
  pages={1171--1180},
  year={2017},
  organization={International World Wide Web Conferences Steering Committee}
}

@article{kamiran2012data,
  title={Data preprocessing techniques for classification without discrimination},
  author={Kamiran, Faisal and Calders, Toon},
  journal={Knowledge and Information Systems},
  volume={33},
  number={1},
  pages={1--33},
  year={2012},
  publisher={Springer}
}


@inproceedings{test1,
  title={Fairness-aware classifier with prejudice remover regularizer},
  author={Kamishima, Toshihiro and Akaho, Shotaro and Asoh, Hideki and Sakuma, Jun},
  booktitle={Joint European Conference on Machine Learning and Knowledge Discovery in Databases},
  pages={35--50},
  year={2012},
  organization={Springer}
}


@misc{compasdataset,
  author = {J. Larson, S. Mattu, L. Kirchner , J. Angwin},
  title = {{COMPAS dataset}},
  howpublished = "\url{https://github.com/propublica/compas-analysis}",
  year = {2017}, 
  note = "[COMPAS dataset (2017)]"
}

@inproceedings{feldman2015certifying,
  title={Certifying and removing disparate impact},
  author={Feldman, Michael and Friedler, Sorelle A and Moeller, John and Scheidegger, Carlos and Venkatasubramanian, Suresh},
  booktitle={Proceedings of the 21th ACM SIGKDD International Conference on Knowledge Discovery and Data Mining},
  pages={259--268},
  year={2015},
  organization={ACM}
}

@article{kleinberg2016inherent,
  title={Inherent trade-offs in the fair determination of risk scores},
  author={Kleinberg, Jon and Mullainathan, Sendhil and Raghavan, Manish},
  journal={arXiv preprint arXiv:1609.05807},
  year={2016}
}

@article{calders2010three,
  title={Three naive Bayes approaches for discrimination-free classification},
  author={Calders, Toon and Verwer, Sicco},
  journal={Data Mining and Knowledge Discovery},
  volume={21},
  number={2},
  pages={277--292},
  year={2010},
  publisher={Springer}
}

@inproceedings{pedreshi2008discrimination,
  title={Discrimination-aware data mining},
  author={Pedreshi, Dino and Ruggieri, Salvatore and Turini, Franco},
  booktitle={Proceedings of the 14th ACM SIGKDD international conference on Knowledge discovery and data mining},
  pages={560--568},
  year={2008},
  organization={ACM}
}

@inproceedings{kamiran2010discrimination,
  title={Discrimination aware decision tree learning},
  author={Kamiran, Faisal and Calders, Toon and Pechenizkiy, Mykola},
  booktitle={2010 IEEE International Conference on Data Mining},
  pages={869--874},
  year={2010},
  organization={IEEE}
}
